@misc{iaea2022itdb,
  author       = {{International Atomic Energy Agency}},
  title        = {IAEA Incident and Trafficking Database (ITDB): Fact Sheet},
  year         = 2022,
  url          = {https://www.iaea.org/sites/default/files/22/01/itdb-factsheet.pdf},
  note         = {Accessed: 2024-07-03}
}


@misc{doe,
  author       = {{US Department of Energy}},
  title        = {DOE Explains: Radioactivity},
  year         = 2022,
  url          = {https://www.energy.gov/science/doe-explainsradioactivity},
  note         = {Accessed: 2024-07-03}
}

@article{hutchinson2017adaptive,
  title={Adaptive Bayesian sensor motion planning for hazardous source term reconstruction},
  author={Hutchinson, Michael and Oh, Hyondong and Chen, Wen-Hua},
  journal={IFAC-PapersOnLine},
  volume={50},
  number={1},
  pages={2812--2817},
  year={2017},
  publisher={Elsevier}
}


@article{zhu2024dual,
  title={Dual-stage planner for autonomous radioactive source localization in unknown environments},
  author={Zhu, Hongbiao and Bai, Hua and Ding, Pengchao and Zhang, Ji and Wu, Dongmei and Du, Zhijiang and Wang, Weidong},
  journal={Robotics and Autonomous Systems},
  volume={172},
  pages={104603},
  year={2024},
  publisher={Elsevier}
}


@article{ryan2010particle,
  title={Particle filter based information-theoretic active sensing},
  author={Ryan, Allison and Hedrick, J Karl},
  journal={Robotics and Autonomous Systems},
  volume={58},
  number={5},
  pages={574--584},
  year={2010},
  publisher={Elsevier}
}


@article{connor2016airborne,
  title={Airborne radiation mapping: overview and application of current and future aerial systems},
  author={Connor, D and Martin, Peter George and Scott, Thomas Bligh},
  journal={International journal of remote sensing},
  volume={37},
  number={24},
  pages={5953--5987},
  year={2016},
  publisher={Taylor \& Francis}
}







@article{wan2012detection,
  title={Detection and localization of hidden radioactive sources with spatial statistical method},
  author={Wan, Hong and Zhang, Tonglin and Zhu, Yu},
  journal={Annals of Operations Research},
  volume={192},
  pages={87--104},
  year={2012},
  publisher={Springer}
}





@article{woller2022path,
  title={Path planning algorithm ensuring accurate localization of radiation sources},
  author={Woller, David and Kulich, Miroslav},
  journal={Applied Intelligence},
  volume={52},
  number={8},
  pages={9574--9596},
  year={2022},
  publisher={Springer}
}
